@article{klenke, 
   title = {Wahrscheinlichkeitstheorie}, 
   author ={Klenke, Achim}, 
   journal ={Springer}, 
   year = {2013}, 
   edition = {3}
}




